<record><leader>00000cas a2200000 a 4500</leader><controlfield tag="001">45817255</controlfield><controlfield tag="008">010130c19909999dcuwr ne      0   e0chi c</controlfield><datafield ind1=" " ind2=" " tag="010"><subfield code="a">sn2001061800</subfield></datafield><datafield ind1=" " ind2=" " tag="040"><subfield code="a">NYS</subfield><subfield code="b">eng</subfield><subfield code="c">NYS</subfield><subfield code="d">NSD</subfield><subfield code="d">OCLCQ</subfield><subfield code="d">OCLCF</subfield><subfield code="d">OCLCO</subfield><subfield code="d">OCL</subfield><subfield code="d">OCLCQ</subfield></datafield><datafield ind1=" " ind2=" " tag="012"><subfield code="l">1</subfield></datafield><datafield ind1="0" ind2=" " tag="022"><subfield code="a">1536-1942</subfield><subfield code="l">1536-1942</subfield><subfield code="2">1</subfield></datafield><datafield ind1=" " ind2=" " tag="037"><subfield code="b">5848 Hubbard Dr., Rockville, MD 20852</subfield></datafield><datafield ind1="0" ind2=" " tag="041"><subfield code="a">chi</subfield><subfield code="a">eng</subfield></datafield><datafield ind1=" " ind2=" " tag="042"><subfield code="a">pcc</subfield><subfield code="a">nsdp</subfield></datafield><datafield ind1=" " ind2=" " tag="043"><subfield code="a">n-us-dc</subfield></datafield><datafield ind1="1" ind2="0" tag="082"><subfield code="a">071</subfield><subfield code="2">13</subfield></datafield><datafield ind1="0" ind2=" " tag="210"><subfield code="a">Huashengdun xin wen</subfield></datafield><datafield ind1=" " ind2="0" tag="222"><subfield code="a">Huashengdun xin wen</subfield></datafield><datafield ind1="0" ind2="0" tag="245"><subfield code="a">Washington Chinese news =</subfield><subfield code="b">Huashengdun xin wen.</subfield></datafield><datafield ind1="3" ind2="1" tag="246"><subfield code="a">Huashengdun xin wen</subfield></datafield><datafield ind1=" " ind2=" " tag="260"><subfield code="a">Rockville, MD :</subfield><subfield code="b">Lee &amp; Lee Washington, Inc.</subfield></datafield><datafield ind1=" " ind2=" " tag="300"><subfield code="a">volumes :</subfield><subfield code="b">illustrations ;</subfield><subfield code="c">58 cm</subfield></datafield><datafield ind1=" " ind2=" " tag="310"><subfield code="a">Weekly</subfield></datafield><datafield ind1=" " ind2=" " tag="336"><subfield code="a">text</subfield><subfield code="b">txt</subfield><subfield code="2">rdacontent</subfield></datafield><datafield ind1=" " ind2=" " tag="337"><subfield code="a">unmediated</subfield><subfield code="b">n</subfield><subfield code="2">rdamedia</subfield></datafield><datafield ind1=" " ind2=" " tag="338"><subfield code="a">volume</subfield><subfield code="b">nc</subfield><subfield code="2">rdacarrier</subfield></datafield><datafield ind1="1" ind2=" " tag="362"><subfield code="a">Began in 1990?</subfield></datafield><datafield ind1=" " ind2=" " tag="500"><subfield code="a">"Serving Since 1990."</subfield></datafield><datafield ind1=" " ind2=" " tag="500"><subfield code="a">Publisher: Wea H. Lee.</subfield></datafield><datafield ind1=" " ind2=" " tag="500"><subfield code="a">"Published By Southern Chinese Newspaper Group."</subfield></datafield><datafield ind1=" " ind2=" " tag="546"><subfield code="a">In Chinese, with some notices in English.</subfield></datafield><datafield ind1=" " ind2=" " tag="588"><subfield code="a">Description based on: Vol. 12, no. 4 (Jan. 13, 2001).</subfield></datafield><datafield ind1=" " ind2="0" tag="650"><subfield code="a">Chinese Americans</subfield><subfield code="v">Newspapers.</subfield></datafield><datafield ind1=" " ind2="0" tag="650"><subfield code="a">Chinese</subfield><subfield code="z">United States</subfield><subfield code="v">Newspapers.</subfield></datafield><datafield ind1=" " ind2="0" tag="650"><subfield code="a">Chinese newspapers</subfield><subfield code="z">Washington Metropolitan Area.</subfield></datafield><datafield ind1=" " ind2="0" tag="651"><subfield code="a">Rockville (Md.)</subfield><subfield code="v">Newspapers.</subfield></datafield><datafield ind1=" " ind2="0" tag="651"><subfield code="a">Montgomery County (Md.)</subfield><subfield code="v">Newspapers.</subfield></datafield><datafield ind1=" " ind2="0" tag="651"><subfield code="a">Washington (D.C.)</subfield><subfield code="v">Newspapers.</subfield></datafield><datafield ind1=" " ind2="7" tag="650"><subfield code="a">Chinese newspapers</subfield><subfield code="2">fast</subfield><subfield code="0">(OCoLC)fst00857651</subfield></datafield><datafield ind1=" " ind2="7" tag="650"><subfield code="a">Chinese.</subfield><subfield code="2">fast</subfield><subfield code="0">(OCoLC)fst00857169</subfield></datafield><datafield ind1=" " ind2="7" tag="650"><subfield code="a">Chinese Americans.</subfield><subfield code="2">fast</subfield><subfield code="0">(OCoLC)fst00857249</subfield></datafield><datafield ind1=" " ind2="7" tag="651"><subfield code="a">Maryland</subfield><subfield code="z">Montgomery County.</subfield><subfield code="2">fast</subfield><subfield code="0">(OCoLC)fst01206093</subfield></datafield><datafield ind1=" " ind2="7" tag="651"><subfield code="a">Maryland</subfield><subfield code="z">Rockville.</subfield><subfield code="2">fast</subfield><subfield code="0">(OCoLC)fst01204976</subfield></datafield><datafield ind1=" " ind2="7" tag="651"><subfield code="a">United States.</subfield><subfield code="2">fast</subfield><subfield code="0">(OCoLC)fst01204155</subfield></datafield><datafield ind1=" " ind2="7" tag="651"><subfield code="a">Washington (D.C.)</subfield><subfield code="2">fast</subfield><subfield code="0">(OCoLC)fst01204505</subfield></datafield><datafield ind1=" " ind2="7" tag="651"><subfield code="a">Washington (D.C.) Metropolitan Area.</subfield><subfield code="2">fast</subfield><subfield code="0">(OCoLC)fst01243122</subfield></datafield><datafield ind1=" " ind2="7" tag="655"><subfield code="a">Newspapers.</subfield><subfield code="2">fast</subfield><subfield code="0">(OCoLC)fst01423814</subfield></datafield><datafield ind1=" " ind2=" " tag="752"><subfield code="a">United States</subfield><subfield code="b">Maryland</subfield><subfield code="c">Montgomery</subfield><subfield code="d">Rockville.</subfield></datafield><datafield ind1=" " ind2=" " tag="752"><subfield code="a">United States</subfield><subfield code="b">Washington</subfield><subfield code="d">District of Columbia.</subfield></datafield><datafield ind1="1" ind2=" " tag="029"><subfield code="a">AU@</subfield><subfield code="b">000015619079</subfield></datafield></record>